% I highly recommend using JabRef as your reference manager.

@book{solem2014python计算机视觉编程,
  title={Python计算机视觉编程},
  author={Solem, J.E.},
  isbn={9787115352323},
  series={图灵程序设计丛书},
  url={https://books.google.com.sg/books?id=-KQkswEACAAJ},
  year={2014},
  publisher={人民邮电出版社}
}

  @misc{ enwiki:1243602968,
    author = "{Wikipedia contributors}",
    title = "Interrupt --- {Wikipedia}{,} The Free Encyclopedia",
    year = "2024",
    howpublished = "\url{https://en.wikipedia.org/w/index.php?title=Interrupt&oldid=1243602968}",
    note = "[Online; accessed 12-September-2024]"
  }

@techreport{天海一直在AI2022,
  author = {天海一直在AI},
  institution = {CSDN},
  title = {计算机视觉：基于Numpy的图像处理技术（一）：灰度变换、直方图均衡化},
  year = {2022},
  url = {https://blog.csdn.net/tianhai12/article/details/127941909},
}